<?xml version="1.0" encoding="UTF-8"?><collection xmlns="http://www.loc.gov/MARC21/slim"><record><leader>00501nam--2200157-i-4500</leader><controlfield tag="001">000010297</controlfield><controlfield tag="002">20161230</controlfield><controlfield tag="005">20170305193459</controlfield><controlfield tag="008">060222s1000------------r-----000-0-eng-d</controlfield><datafield ind1=" " ind2=" " tag="100"><subfield code="a">Demchenko, V. V</subfield></datafield><datafield ind1=" " ind2=" " tag="245"><subfield code="a">Onthe penetration ofctravelling high-frequency electromagnetic field into a nontransparent plasma</subfield></datafield><datafield ind1=" " ind2=" " tag="260"><subfield code="a">Cairo</subfield><subfield code="b">Scientific Information Division, Atomic Energy Post Office</subfield><subfield code="c">1971</subfield></datafield><datafield ind1=" " ind2=" " tag="300"><subfield code="a">18 p</subfield></datafield><datafield ind1=" " ind2=" " tag="700"><subfield code="a">Hussein, A. M</subfield></datafield><datafield ind1=" " ind2=" " tag="852"><subfield code="a">533.9.082.74</subfield></datafield><datafield ind1=" " ind2=" " tag="CAT"><subfield code="a">SYS</subfield><subfield code="c">20170305</subfield><subfield code="h">193459</subfield></datafield></record></collection>